%%% Acknowledgement abbreviations:

%%% Journal abbreviations:


%%% Publishers and their addresses:


%%% Bibliography entries
@article{KivyAuthors:2018:kivy,
    author  = "The Kivy Authors",
    title   = "Welcome to Kivy",
    year    = "2017",
    journal = "Kivy Documentation",
    url = "https://kivy.org/docs/",
    note = "Materiał wykorzystany 29 marca 2018",
}

@article{Rouse:2017:Tech,
    author  = "Vendela Redriksson{,} Margaret Rouse{,} Sharon Shea",
    title   = "{S}mart {H}ome or building",
    year    = "2017",
    journal = "Techtarget, IoT Agenda",
    url = "https://internetofthingsagenda.techtarget.com/definition/smart-home-or-building",
    note = "Materiał wykorzystany 9 kwietnia 2018",
}

@article{Rouse:2016:iot,
    author  = "Ivy Wigmore{,} Margaret Rouse",
    title   = "{I}nternet of {T}hings ({I}o{T})",
    year    = "2016",
    journal = "Techtarget, IoT Agenda",
    url = "https://internetofthingsagenda.techtarget.com/definition/Internet-of-Things-IoT",
    note = "Materiał wykorzystany 9 kwietnia 2018",
}

@article{Bednarz:2017:Python,
    author  = "Centrum Edukacji Obywatelskiej",
    title   = "{S}zkolenia {P}ython 101",
    year    = "2017",
    journal = "Python 101",
    url = "http://python101.readthedocs.io/pl/latest/podstawy/index.html",
    note = "Materiał wykorzystany 10 kwietnia 2018",
}

@article{Ronacher:2017:Flask,
    author  = "Armin Ronache",
    title   = "{W}elcome to {F}lask",
    year    = "2017",
    journal = "Flask web development, one drop at a time",
    url = "http://flask.pocoo.org/docs/0.12/",
    note = "Materiał wykorzystany 11 kwietnia 2018",
}
@article{Peticolas:2018:twisted,
    author  = "Dave Peticolas",
    title   = "Twisted Introduction",
    year    = "2018",
    journal = "multi-part introduces",
    url = "http://krondo.com/an-introduction-to-asynchronous-programming-and-twisted/",
    note = "Materiał wykorzystany 12 kwietnia 2018",
}
@article{seo:2011:SEO,
    author  = "VTech SEO",
    title   = "{A}dvantages of {HTML}",
    year    = "2011",
    journal = "VTech SEO, Advantages of an HTML - based website...",
    url = "http://www.vtech-seo.com/web-design-articles/advantages-of-html.html",
    note = "Materiał wykorzystany 13 kwietnia 2018",
}

@article{w3c:2018:css,
    author  = "W3.CSS",
    title   = "{CSS} {T}utorial",
    year    = "2018",
    journal = "w3schools.com, Learn CSS",
    url = "https://www.w3schools.com/css/default.asp",
    note = "Materiał wykorzystany 13 kwietnia 2018",
}

@article{Frazier:2018:flask,
    author  = "Matthew Frazier",
    title   = "{F}lask-{L}ogin 0.4.1 documentation",
    year    = "2017",
    journal = "Flask-Login Documentation",
    url = "https://flask-login.readthedocs.io/en/latest/",
    note = "Materiał wykorzystany 25 kwietnia 2018",
}
@article{rpi3:2016:datasheet,
    title   = "RASPBERRY PI HARDWARE ",
    year    = "2016",
    journal = "raspberrypi.org",
    url = "https://www.raspberrypi.org/documentation/hardware/",
    note = "Materiał wykorzystany 10 kwietnia 2018",
}

@article{blockchain:2017:blockchain,
    author  = "{P}luralsight",
    title   = "{B}lockchain {A}rchitecture",
    year    = "2017",
    journal = "Blockchain Architecture",
    url = "https://www.pluralsight.com/guides/blockchain-architecture/",
    note = "Materiał wykorzystany 10 maja 2018",
}
@article{blockchain:2018:intel,
    author  = "{L}ibby {P}lummer",
    title   = "{B}lockchain, {I}nternet rzeczy i bezpieczeństwo – {I}ntel",
    year    = "2018",
    journal = "Intel",
    url = "https://www.intel.pl/content/www/pl/pl/it-managers/the-benefits-of-blockchain-iot-biot.html",
    note = "Materiał wykorzystany 10 maja 2018",
}
@article{blockchain:2018:ibm,
    author  = "{K}hwaja {S}haik",
    title   = "{W}hy blockchain and {I}o{T} are best friends",
    year    = "2018",
    journal = "IBM",
    url = "https://www.ibm.com/blogs/blockchain/2018/01/why-blockchain-and-iot-are-best-friends/",
    note = "Materiał wykorzystany 10 maja 2018",
}
@article{esp:2015:datasheet,
    author  = "{A}{I}-{T}hinker",
    title   = "{ESP}-12{E} {W}i{F}i {M}odule {V}ersion1.0",
    year    = "2015",
    journal = "kloppenborg.net",
    url = "https://www.kloppenborg.net/images/blog/esp8266/esp8266-esp12e-specs.pdf",
    note = "Materiał wykorzystany 10 maja 2018",
}
@article{pyserial:2016:esp,
    author  = "{C}hris {L}iechti",
    title   = "py{S}erial ",
    year    = "2016",
    journal = "readthedocs.io",
    url = "http://pyserial.readthedocs.io/en/latest/pyserial.html",
    note = "Materiał wykorzystany 10 kwietnia 2018",
}
